@article{bloom2006priorities,
  title={Priorities for global research and development of interventions},
  author={Bloom, Barry R and Michaud, Catherine M and La Montagne, John R and Simonsen, Lone},
  year={2006},
  publisher={The International Bank for Reconstruction and Development/The World Bank}
}

@article{henderson1976eradication,
  title={The eradication of smallpox},
  author={Henderson, Donald A},
  journal={Scientific American},
  volume={235},
  number={4},
  pages={25--33},
  year={1976},
  publisher={JSTOR}
}

@incollection{leung2011variolation,
  title={“Variolation” and Vaccination in Late Imperial China, Ca 1570--1911},
  author={Leung, Angela Ki Che},
  booktitle={History of vaccine development},
  pages={5--12},
  year={2011},
  publisher={Springer}
}

@article{nuismer2018controlling,
  title={Controlling epidemics with transmissible vaccines},
  author={Nuismer, Scott L and May, Ryan and Basinski, Andrew and Remien, Christopher H},
  journal={PloS one},
  volume={13},
  number={5},
  pages={e0196978},
  year={2018},
  publisher={Public Library of Science}
}

@book{elgert2009immunology,
  title={Immunology: understanding the immune system},
  author={Elgert, Klaus D},
  year={2009},
  publisher={John Wiley \& Sons}
}

@article{dabrera2014case,
  title={A case-control study to estimate the effectiveness of maternal pertussis vaccination in protecting newborn infants in England and Wales, 2012--2013},
  author={Dabrera, Gavin and Amirthalingam, Gayatri and Andrews, Nick and Campbell, Helen and Ribeiro, Sonia and Kara, Edna and Fry, Norman K and Ramsay, Mary},
  journal={Clinical Infectious Diseases},
  volume={60},
  number={3},
  pages={333--337},
  year={2014},
  publisher={Oxford University Press}
}

@article{streefland1999patterns,
  title={Patterns of vaccination acceptance},
  author={Streefland, Pieter and Chowdhury, AMR and Ramos-Jimenez, Pilar},
  journal={Social science \& medicine},
  volume={49},
  number={12},
  pages={1705--1716},
  year={1999},
  publisher={Elsevier}
}

@article{purcell2000hepatitis,
  title={Hepatitis B virus mutants and efficacy of vaccination},
  author={Purcell, Robert H and Zuckerman, AJ},
  journal={Lancet},
  volume={356},
  number={9231},
  pages={769--769},
  year={2000},
  publisher={London: J. Onwhyn, 1823-}
}

@article{amanna2007duration,
  title={Duration of humoral immunity to common viral and vaccine antigens},
  author={Amanna, Ian J and Carlson, Nichole E and Slifka, Mark K},
  journal={New England Journal of Medicine},
  volume={357},
  number={19},
  pages={1903--1915},
  year={2007},
  publisher={Mass Medical Soc}
}