@article{bloom2006priorities,
  title={Priorities for global research and development of interventions},
  author={Bloom, Barry R and Michaud, Catherine M and La Montagne, John R and Simonsen, Lone},
  year={2006},
  publisher={The International Bank for Reconstruction and Development/The World Bank}
}

@article{henderson1976eradication,
  title={The eradication of smallpox},
  author={Henderson, Donald A},
  journal={Scientific American},
  volume={235},
  number={4},
  pages={25--33},
  year={1976},
  publisher={JSTOR}
}

@incollection{leung2011variolation,
  title={“Variolation” and Vaccination in Late Imperial China, Ca 1570--1911},
  author={Leung, Angela Ki Che},
  booktitle={History of vaccine development},
  pages={5--12},
  year={2011},
  publisher={Springer}
}